

@article{sommer,
title = "Tangent Phylogenetic PCA",
author = "Morten Akh{\o}j and Xavier Pennec and Stefan Sommer",
year = "2023",
doi = "10.1007/978-3-031-31438-4_6"
}
